@BOOK{Gruenigen2014,
	AUTHOR = "Grünigen, Daniel von",
	YEAR = "2014",
	TITLE = {{Digitale Signalverarbeitung - mit einer Einführung in die kontinuierlichen Signale und Systeme}},
	ISBN = "978-3-446-43991-7",
	PUBLISHER = "Carl Hanser Verlag GmbH  Co KG",
	keywords = {lit}
}
@BOOK{Roppel2006,
	AUTHOR = "Roppel, Carsten",
	YEAR = "2006",
	TITLE = {{Grundlagen der digitalen Kommunikationstechnik - Übertragungstechnik - Signalverarbeitung - Netze}},
	ISBN = "978-3-446-22857-3",
	PUBLISHER = "Fachbuchverl. Leipzig im Carl-Hanser-Verlag",
	keywords = {lit}
}

@BOOK{Hsu2003,
	AUTHOR = "Hsu, Hwei",
	YEAR = "2003",
	TITLE = {{Schaum's Outline of Analog and Digital Communications}},
	EDITION = "2. Aufl.",
	ISBN = "978-0-071-40228-6",
	PUBLISHER = "McGraw Hill Professional",
	keywords = {lit}
}

@BOOK{Lide2004,
	AUTHOR = {Lide, David R.},
	YEAR = {2004},
	TITLE = {{CRC Handbook of Chemistry and Physics, 85th Edition}},
	EDITION = {85th},
	ISBN = {978-0-849-30485-9},
	PUBLISHER = {CRC Press},
	keywords = {lit}
}
@misc{WdP,
	author = "Hollandt, Jörg",
	title = "Infrarotstrahlung",
	url = {http://www.weltderphysik.de/gebiet/atome/elektromagnetisches-spektrum/infrarotstrahlung/},
	keywords ={online}
}

@misc{IRS,
	title = {{Infrarot-Entfernungsmesser}},
	url = {http://home.roboticlab.eu/de/examples/sensor/ir_distance},
	keywords ={online}
}

@misc{arduino,
	author = {Arduino LLC},
	title = {{Arduino}},
	url = {https://www.arduino.cc/en/Guide/Introduction},
	keywords ={online}
}

@misc{arduin,
	author = {Wikipedia},
	title = {{Arduino}},
	url = {https://en.wikipedia.org/wiki/Arduino},
	keywords ={online}
}

@Misc{IR,
	title =  {{Spektrum Infrarot}},
	howpublished =   {\scriptsize\url{http://www.itwissen.info/definition/lexikon/Infrarot-IR-infrared.html}\normalsize},
	keywords = {abb}
}

@Misc{IRT,
	title =  {{Triangulationsprinzip}},
	howpublished =   {\scriptsize\url{http://home.roboticlab.eu/de/examples/sensor/ir_distance?s=translation_true}\normalsize},
	keywords = {abb}
}

@Misc{IRD,
	title =  {{Zusammenhang Spannung-Distanz}},
	howpublished =   {\scriptsize\url{http://home.roboticlab.eu/de/examples/sensor/ir_distance?s=translation_true}\normalsize},
	keywords = {abb}
}

@manual{atmega328datasheet,
	organization  = "Atmel",
	title         = {{Mikrocontroller Datenblatt}},
	number        = "ATmega328",
	year          =  2015,
	month         =  11,    
	keywords = {manual}
}

@manual{DS1080,
	title        = {{Datenblatt Sharp GP2Y0A21YK0F}},
	organization = "Sharp Corporation",
	year         = 2005,
	keywords		={manual}
}

@misc{taubheit,
	title ={{Wie gut können Hunde und andere Tiere hören?}},
	howpublished = 
	{\scriptsize\url{http://www.dalmaweb.de/taubheit1.htm}\normalsize},
	keywords = {online}
}
@Misc{hcsr04schematic,
	title =  {{HC-SR04 Schema}},
	howpublished = {\scriptsize\url{http://remotesmart.wikidot.com/esp202}\normalsize},
	keywords = {abb}
}

@Misc{hcsr04board,
	title =  {{HC-SR04 Board}},
	howpublished = {\scriptsize\url{http://www.electronicwings.com/topic_content.php?topic_content_id=42}\normalsize},
	keywords = {abb}
}

@Misc{arduinounofront,
	title =  {{Arduino Uno Front}},
	howpublished = {\scriptsize\url{http://www.distrelec.ch/de/mikrocontroller-board-uno-a000066-atmega328-arduino-a000066/p/11038919}\normalsize},
	keywords = {abb}
}

@Misc{arduinounofront,
	title =  {{Arduino Uno Front}},
	howpublished = {\scriptsize\url{http://forum.arduino.cc/index.php?topic=6549.0}\normalsize},
	keywords = {abb}
}

@misc{Prescale,
	title = {{Faster Analog Read Forum}},
	url = {http://forum.arduino.cc/index.php?topic=6549.0},
	keywords ={online}
}

@Misc{arduinounoback,
	title =  {{Arduino Uno Rückseite}},
	howpublished = {\scriptsize\url{https://www.arduino.cc/en/Products/Counterfeit}\normalsize},
	keywords = {abb}
}


@Misc{arduinomega,
	title =  {{Arduino Mega2560 Front}},
	howpublished = {\scriptsize\url{
	http://download.lulzbot.com/AO-100/hardware/electronics/ArduinoMEGA_2560/ArduinoBoardMega2560.html}\normalsize},
	keywords = {abb}
}
